<record><leader>00000cas a2200000 a 4500</leader><controlfield tag="001">36300457</controlfield><controlfield tag="008">970130d19962000caucr ne      0    0eng c</controlfield><datafield ind1=" " ind2=" " tag="010"><subfield code="a">sn 99060632 </subfield></datafield><datafield ind1=" " ind2=" " tag="040"><subfield code="a">CPS</subfield><subfield code="b">eng</subfield><subfield code="c">CPS</subfield><subfield code="d">OCL</subfield><subfield code="d">CNK</subfield><subfield code="d">NSD</subfield><subfield code="d">CNK</subfield><subfield code="d">OCLCQ</subfield><subfield code="d">OCLCF</subfield><subfield code="d">OCLCO</subfield></datafield><datafield ind1=" " ind2=" " tag="012"><subfield code="m">d</subfield></datafield><datafield ind1="1" ind2=" " tag="029"><subfield code="a">AU@</subfield><subfield code="b">000020123284</subfield></datafield><datafield ind1=" " ind2=" " tag="037"><subfield code="b">1050 Park St., Paso Robles, Calif. 93446</subfield></datafield><datafield ind1=" " ind2=" " tag="042"><subfield code="a">pcc</subfield></datafield><datafield ind1=" " ind2=" " tag="043"><subfield code="a">n-us-ca</subfield></datafield><datafield ind1="0" ind2="0" tag="245"><subfield code="a">Country news-press.</subfield></datafield><datafield ind1=" " ind2=" " tag="260"><subfield code="a">Paso Robles, CA :</subfield><subfield code="b">Keith Berwick</subfield></datafield><datafield ind1=" " ind2=" " tag="300"><subfield code="a">v. ;</subfield><subfield code="c">58 cm.</subfield></datafield><datafield ind1=" " ind2=" " tag="310"><subfield code="a">Semiweekly,</subfield><subfield code="b">&lt;Jan. 13, 1999-&gt;</subfield></datafield><datafield ind1=" " ind2=" " tag="321"><subfield code="a">Daily (except Sat. and Sun.),</subfield><subfield code="b">&lt;Feb. 5-Dec. 31, 1996&gt;</subfield></datafield><datafield ind1="1" ind2=" " tag="362"><subfield code="a">Began in 1996; ceased in 2000.</subfield></datafield><datafield ind1=" " ind2=" " tag="530"><subfield code="a">Master negatives are available for duplication from:</subfield><subfield code="b">California Newspaper Microfilm Archive;</subfield><subfield code="c">positive copies may be purchased by the reel; for further information consult the CNMA at:</subfield><subfield code="u">http://cbsr.ucr.edu</subfield></datafield><datafield ind1=" " ind2=" " tag="588"><subfield code="a">Description based on: Vol. 109, issue 57 (Feb. 5, 1996).</subfield></datafield><datafield ind1=" " ind2="0" tag="651"><subfield code="a">Paso Robles (Calif.)</subfield><subfield code="v">Newspapers.</subfield></datafield><datafield ind1=" " ind2="0" tag="651"><subfield code="a">San Luis Obispo County (Calif.)</subfield><subfield code="v">Newspapers.</subfield></datafield><datafield ind1=" " ind2="7" tag="655"><subfield code="a">Newspapers.</subfield><subfield code="2">fast</subfield><subfield code="0">(OCoLC)fst01423814</subfield></datafield><datafield ind1=" " ind2="7" tag="651"><subfield code="a">California</subfield><subfield code="z">Paso Robles.</subfield><subfield code="2">fast</subfield><subfield code="0">(OCoLC)fst01229203</subfield></datafield><datafield ind1=" " ind2="7" tag="651"><subfield code="a">California</subfield><subfield code="z">San Luis Obispo County.</subfield><subfield code="2">fast</subfield><subfield code="0">(OCoLC)fst01215712</subfield></datafield><datafield ind1=" " ind2=" " tag="752"><subfield code="a">United States</subfield><subfield code="b">California</subfield><subfield code="c">San Luis Obispo</subfield><subfield code="d">Paso Robles.</subfield></datafield><datafield ind1="0" ind2="4" tag="780"><subfield code="t">Country news (Paso Robles, Calif.)</subfield><subfield code="w">(DLC)sn 99060631</subfield></datafield><datafield ind1="0" ind2="4" tag="780"><subfield code="t">Daily press (Paso Robles, Calif.)</subfield><subfield code="w">(DLC)sn 99060583</subfield><subfield code="w">(OCoLC)19380359</subfield></datafield><datafield ind1="0" ind2="0" tag="785"><subfield code="t">Paso Robles press (2000)</subfield><subfield code="x">1536-1748</subfield><subfield code="w">(DLC)  2001213443</subfield><subfield code="w">(OCoLC)44104167</subfield></datafield></record>